


%%%%%%%%%%%%%%%%%%%%%% Bibilographyyy %%%%%%%%%%%%%%%%%%%%%%%%%

@book{teretaobook,
  title={Analysis i},
  author={Tao, Terence},
  volume={185},
  year={2009},
  publisher={Springer}
}
@book{lineartransformation,
  title={Matrices and linear transformations},
  author={Cullen, Charles G},
  year={2012},
  publisher={Courier Corporation}
}
%% matrix
@book{bellman1997introduction,
  title={Introduction to matrix analysis},
  author={Bellman, Richard},
  year={1997},
  publisher={SIAM}
}
%infinite matrix
@article{infinite_PN_SHIVA_2009,
  title={A review of infinite matrices and their applications},
  author={Shivakumar, PN and Sivakumar, KC2489372},
  journal={Linear Algebra and its Applications},
  volume={430},
  number={4},
  pages={976--998},
  year={2009},
  publisher={Elsevier}
}
@article{bernkopf1968history,
  title={A history of infinite matrices: A study of denumerably infinite linear systems as the first step in the history of operators defined on function spaces},
  author={Bernkopf, Michael},
  journal={Archive for History of Exact Sciences},
  volume={4},
  number={4},
  pages={308--358},
  year={1968},
  publisher={Springer}
}

@techreport{cooke1955infinite,
  title={Infinite matrices and sequence spaces},
  author={Cooke, Richard G},
  year={1955}
}
@article{shivakumar1972diagonally,
  title={Diagonally dominant infinite matrices in linear equations},
  author={Shivakumar, PN},
  journal={Util. Math},
  volume={1},
  pages={235--248},
  year={1972}
}
@book{gallian2021contemporary,
  title={Contemporary abstract algebra},
  author={Gallian, Joseph},
  year={2021},
  publisher={Chapman and Hall/CRC}
}
@book{gilbertstrang,
  title={Introduction to linear algebra},
  author={Strang, Gilbert},
  year={2022},
  publisher={SIAM}
}
@book{howardanton,
  title={Elementary linear algebra: applications version},
  author={Anton, Howard and Rorres, Chris},
  year={2013},
  publisher={John Wiley \& Sons}
}
@book{rudin1976,
  title={Principles of mathematical analysis},
  author={Rudin, Walter and others},
  volume={3},
  year={1976},
  publisher={McGraw-hill New York}
}
@article{amgopaper,
  title={Matrices of infinite dimensions and their applications},
  author={Matysiak, Lukasz and Przewozniak, Weronika and Rulinska, Natalia},
  journal={arXiv preprint arXiv:2104.13404},
  year={2021}
}
@article{hale2008computing,
  title={Computing A\^{}$\alpha$,$\backslash$log(A), and related matrix functions by contour integrals},
  author={Hale, Nicholas and Higham, Nicholas J and Trefethen, Lloyd N},
  journal={SIAM Journal on Numerical Analysis},
  volume={46},
  number={5},
  pages={2505--2523},
  year={2008},
  publisher={SIAM}
}
@book{Herbert.B.enderton_equinumerous,
  title={Elements of set theory},
  author={Enderton, Herbert B},
  year={1977},
  publisher={Academic press}
}

@article{History-infinite-matrics,
    author = {Michael Bernkopf},
    title = {A History of Infinite Matrices: A Study of Denumerably Infinite Linear Systems as the First Step in the History of Operators Defined on Function Spaces},
    journal = {Springer},
    year = {1968},
    month = {02}
}
@article{haber2018notes,
  title={Notes on the matrix exponential and logarithm},
  author={Haber, Howard E},
  journal={Santa Cruz Institute for Particle Physics, University of California: Santa Cruz, CA, USA},
  year={2018}
}